<?xml version="1.0" encoding="UTF-8"?><collection xmlns="http://www.loc.gov/MARC21/slim"><record><leader>00527nam--2200181-i-4500</leader><controlfield tag="001">000041104</controlfield><controlfield tag="002">20161230</controlfield><controlfield tag="005">20161230201043</controlfield><controlfield tag="008">060222s1000------------r-----000-0-eng-d</controlfield><datafield ind1=" " ind2=" " tag="040"><subfield code="a">IFIN-HH</subfield></datafield><datafield ind1=" " ind2=" " tag="080"><subfield code="a">539.1</subfield></datafield><datafield ind1="1" ind2=" " tag="100"><subfield code="a">Semat,Henry</subfield></datafield><datafield ind1="1" ind2="0" tag="245"><subfield code="a">Introduction to atomic and nuclear physics</subfield><subfield code="c">Henry semat</subfield></datafield><datafield ind1=" " ind2=" " tag="250"><subfield code="a">Third Edition, Revised And Enlarged, Of Introduction To Atomic Physics</subfield></datafield><datafield ind1=" " ind2=" " tag="260"><subfield code="a">London</subfield><subfield code="b">Chapman And Hall, Ltd</subfield><subfield code="c">1955</subfield></datafield><datafield ind1=" " ind2=" " tag="300"><subfield code="a">XII + 561 P</subfield></datafield><datafield ind1=" " ind2=" " tag="852"><subfield code="a">10816</subfield><subfield code="c">539</subfield></datafield><datafield ind1=" " ind2=" " tag="CAT"><subfield code="a">Sys</subfield><subfield code="c">20110922</subfield><subfield code="h">161332</subfield></datafield></record></collection>